

@article{dodd2009,
  title={Novelty Is Not Always the Best Policy Inhibition of Return and Facilitation of Return as a Function of Visual Task},
  author={Dodd, Michael D and Van der Stigchel, Stefan and Hollingworth, Andrew},
  journal={Psychological Science},
  volume={20},
  number={3},
  pages={333--339},
  year={2009}
}

@article{krueger-hunt2013,
  title={Inhibition of return across eye and object movements: The role of prediction.},
  author={Kr{\"u}ger, Hannah M and Hunt, Amelia R},
  journal={Journal of Experimental Psychology: Human Perception and Performance},
  volume={39},
  number={3},
  pages={735},
  year={2013}
}

@article{wartburg2007,
  title={Size matters: Saccades during scene perception},
  author={von Wartburg, Roman and Wurtz, Pascal and Pflugshaupt, Tobias and Nyffeler, Thomas and Luthi, Mathias and Muri, RM},
  journal={Perception},
  volume={36},
  number={3},
  pages={355},
  year={2007}
}

@article{brandt1945,
  title={The psychology of seeing.},
  author={Brandt, Herman Francis},
  year={1945},
  publisher={Philosophical library}
}

@article{birmingham2009,
author = {Birmingham, Elina and Bischof, Walter F and Kingstone, Alan A},
title = {{Get real! Resolving the debate about equivalent social stimuli}},
journal = {Visual Cognition},
year = {2009},
volume = {17},
number = {6-7},
pages = {904--924}
}



@article{fuller1996,
author = {Fuller, James H},
title = {{Eye position and target amplitude effects on human visual saccadic latencies}},
journal = {Experimental brain research},
year = {1996},
volume = {109},
number = {3},
pages = {457--466}
}



@article{stainer2013,
author = {Stainer, Matthew J and Scott-Brown, Kenneth C and Tatler, Benjamin W},
title = {{Behavioral biases when viewing multiplexed scenes: scene structure and frames of reference for inspection}},
journal = {Frontiers in Psychology},
year = {2013},
volume = {4},
pages = {624}
}



@article{canosa2003,
author = {Canosa, R.L. and Pelz, Jeff B and Mennie, N.R. and Peak, J.},
title = {{High-level aspects of oculomotor control during viewing of natural-task images}},
journal = {Proc. SPIE Human Vision and Electronic Imaging VIII},
year = {2003},
volume = {5007},
pages = {240--251}
}



@article{land2001,
  title={In what ways do eye movements contribute to everyday activities?},
  author={Land, Michael F and Hayhoe, Mary},
  journal={Vision research},
  volume={41},
  number={25},
  pages={3559--3565},
  year={2001},
  publisher={Elsevier}
}

@article{foulsham2010,
  title={Asymmetries in the direction of saccades during perception of scenes and fractals: Effects of image type and image features},
  author={Foulsham, Tom and Kingstone, Alan},
  journal={Vision Research},
  volume={50},
  number={8},
  pages={779--795},
  year={2010},
  publisher={Elsevier}
}

@article{clarke2015,
  title={Human Search for a Target on a Textured Background is Consistent with a Stochastic Model},
  author={Clarke, Alasdair DF and Patrick R Green and Mike J Chantler and Amelia R Hunt},
  journal={submitted},
  year={submitted}
}

@article{borji2015,
  title={CAT2000: A Large Scale Fixation Dataset for Boosting Saliency Research},
  author={Borji, Ali and Itti, Laurent},
  journal={arXiv preprint arXiv:1505.03581},
  year={2015}
}

@inproceedings{jiang2014,
  title={Saliency in Crowd},
  author={Jiang, Ming and Xu, Juan and Zhao, Qi},
  booktitle={ECCV},
  year={2014},
  organization={IEEE}
}

@article{stoll2015,
  title={Overt attention in natural scenes: objects dominate features},
  author={Stoll, Josef and Thrun, Michael and Nuthmann, Antje and Einh{\"a}user, Wolfgang},
  journal={Vision research},
  volume={107},
  pages={36--48},
  year={2015},
  publisher={Elsevier}
}

@article{zelinsky1996,
  title={Using eye saccades to assess the selectivity of search movements},
  author={Zelinsky, Gregory J},
  journal={Vision research},
  volume={36},
  number={14},
  pages={2177--2187},
  year={1996},
  publisher={Elsevier}
}

@article{dickinson-intraub2009,
  title={Spatial asymmetries in viewing and remembering scenes: Consequences of an attentional bias?},
  author={Dickinson, Christopher A and Intraub, Helene},
  journal={Attention, Perception, \& Psychophysics},
  volume={71},
  number={6},
  pages={1251--1262},
  year={2009},
  publisher={Springer}
}


@article{bowers-heilman1980,
  title={Pseudoneglect: effects of hemispace on a tactile line bisection task},
  author={Bowers, Dawn and Heilman, Kenneth M},
  journal={Neuropsychologia},
  volume={18},
  number={4},
  pages={491--498},
  year={1980},
  publisher={Elsevier}
}


@article{nuthmann2015,
  title={A new approach to modeling the influence of image features on fixation selection in scenes},
  author={Nuthmann, Antje and Einh{\"a}user, Wolfgang},
  journal={Annals of the New York Academy of Sciences},
  volume={1339},
  number={1},
  pages={82--96},
  year={2015},
  publisher={Wiley Online Library}
}


@article{greene-wolfe2012,
  title={Reconsidering Yarbus: A failure to predict observers’ task from eye movement patterns},
  author={Greene, Michelle R and Liu, Tommy and Wolfe, Jeremy M},
  journal={Vision research},
  volume={62},
  pages={1--8},
  year={2012},
  publisher={Elsevier}
}

@article{abrams2014,
  title={Fixation search in natural scenes: a new role for contrast normalization},
  author={Abrams, Jared and Bradley, Chris and Geisler, Wilson S},
  journal={Journal of Vision},
  volume={14},
  number={10},
  pages={1445--1445},
  year={2014},
  publisher={Association for Research in Vision and Ophthalmology}
}


@article{clarke-tatler2014,
  title={Deriving an appropriate baseline for describing fixation behaviour},
  author={Clarke, Alasdair DF and Tatler, Benjamin W},
  journal={Vision research},
  volume={102},
  pages={41--51},
  year={2014},
  publisher={Elsevier}
}

@article{gilchrist2006,
  title={Evidence for a systematic component within scan paths in visual search},
  author={Gilchrist, Iain D and Harvey, Monika},
  journal={Visual Cognition},
  volume={14},
  number={4-8},
  pages={704--715},
  year={2006},
  publisher={Taylor \& Francis}
}


@article{azzalini1996,
  title={The multivariate skew-normal distribution},
  author={Azzalini, Adelchi and Dalla Valle, Alessandra},
  journal={Biometrika},
  volume={83},
  number={4},
  pages={715--726},
  year={1996},
  publisher={Biometrika Trust}
}


@Manual{azzalini2015,
  title = {The {R} package \texttt{sn}: The skew-normal and skew-$t$ distributions (version 1.2-2)},
  author = {A. Azzalini},
  address = {Universit\`a di Padova, Italia},
  year = {2015},
  url = {http://azzalini.stat.unipd.it/SN},
}

@article{asher2013,
  title={Regional effects of clutter on human target detection performance},
  author={Asher, Matthew F and Tolhurst, David J and Troscianko, Tom and Gilchrist, Iain D},
  journal={Journal of vision},
  volume={13},
  number={5},
  pages={25:1--15},
  year={2013},
  publisher={Association for Research in Vision and Ophthalmology}
}


@article{borji2013,
author = {Borji, A and Itti, L},
title = {{State-of-the-Art in Visual Attention Modeling}},
journal = {Pattern Analysis and Machine Intelligence, IEEE Transactions on},
year = {2013},
volume = {35},
number = {1},
pages = {185--207},
}


@article{Borji:2013da,
author = {Borji, A and Sihite, D N and Itti, L},
title = {Objects do not predict fixations better than early saliency: A re-analysis of ein{\"h}auser et al.'s data},
journal = {Journal of Vision},
year = {2013},
volume = {13},
number = {10},
pages = {18:1--4}
}



@article{Borji:2013ew,
author = {Borji, A and Sihite, D N and Itti, L},
title = {Quantitative Analysis of Human-Model Agreement in Visual Saliency Modeling: A Comparative Study},
journal = {Image Processing, IEEE Transactions on},
year = {2013},
volume = {22},
number = {1},
pages = {55--69},
}

@book{buswell1935,
  title={How people look at pictures: a study of the psychology and perception in art.},
  author={Buswell, Guy Thomas},
  year={1935},
  publisher={Univ. Chicago Press}
}

@article{morvan-maloney2012,
  title={Human Visual Search Does Not Maximize the Post-Saccadic Probability of Identifying Targets},
  author={Camille Morvan and Laurence T. Maloney},
  journal={PLOS Computational Biology},
  volume={8},
  number={2},
  year={2012},
}

@article{clarke-hunt2015,
  title={Failure of intuition when presented with a choice between investing in a single goal or splitting resources between two goals},
  author={Alasdair D. F. Clarke and Amelia R. Hunt},
  journal={Psychological Science},
  year={2015},
}

@article{Cristino2009,
author = {Cristino, Filipe and Baddeley, Roland},
title = {{The nature of the visual representations involved in eye movements when walking down the street}},
journal = {Visual Cognition},
year = {2009},
volume = {17},
number = {6-7},
pages = {880--903},
}

@article{einhauser2008,
  title={Objects predict fixations better than early saliency},
  author={Einh{\"a}user, Wolfgang and Spain, Merrielle and Perona, Pietro},
  journal={Journal of Vision},
  volume={8},
  number={14},
  pages={18: 1--26},
  year={2008},
}

@article{learmonth2015,
  title={Intra-and Inter-Task Reliability of Spatial Attention Measures in Pseudoneglect},
  author={Learmonth, Gemma and Gallagher, Aodhan and Gibson, Jamie and Thut, Gregor and Harvey, Monika},
  journal={PloS one},
  volume={10},
  number={9},
  pages={e0138379},
  year={2015},
  publisher={Public Library of Science}
}


@article{friedrich2014,
  title={Behavioural asymmetries on the greyscales task: The influence of native reading direction},
  author={Friedrich, Trista E and Elias, Lorin J},
  journal={Culture and brain},
  volume={2},
  number={2},
  pages={161--172},
  year={2014},
  publisher={Springer}
}


@article{ossandon2014,
  title={Spatial biases in viewing behavior},
  author={Ossand{\'o}n, Jos{\'e} P and Onat, Selim and K{\"o}nig, Peter},
  journal={Journal of vision},
  volume={14},
  number={2},
  pages={20},
  year={2014},
  publisher={Association for Research in Vision and Ophthalmology}
}

@article{macinnes2014,
  title={Driving forces in free visual search: An ethology},
  author={MacInnes, W Joseph and Hunt, Amelia R and Hilchey, Matthew D and Klein, Raymond M},
  journal={Attention, Perception, \& Psychophysics},
  volume={76},
  number={2},
  pages={280--295},
  year={2014},
  publisher={Springer}
}



@article{godwin2014,
  title={Coarse-to-fine eye movement behavior during visual search},
  author={Godwin, Hayward J and Reichle, Erik D and Menneer, Tamaryn},
  journal={Psychonomic bulletin \& review},
  volume={21},
  number={5},
  pages={1244--1249},
  year={2014},
  publisher={Springer}
}


@article{over2007,
  title={Coarse-to-fine eye movement strategy in visual search},
  author={Over, EAB and Hooge, ITC and Vlaskamp, BNS and Erkelens, CJ},
  journal={Vision Research},
  volume={47},
  number={17},
  pages={2272--2280},
  year={2007},
  publisher={Elsevier}
}

@article{Foulsham-kingstone2010,
author = {Foulsham, Tom and Kingstone, Alan},
title = {Asymmetries in the direction of saccades during perception of scenes and fractals: Effects of image type and image features},
journal = {Vision Research},
year = {2010},
volume = {50},
number = {8},
pages = {779--795},
}


@article{foulsham2008,
author = {Foulsham, Tom and Kingstone, Alan and Underwood, Geoffrey},
title = {{Turning the world around: Patterns in saccade direction vary with picture orientation}},
journal = {Vision Research},
year = {2008},
volume = {48},
number = {17},
pages = {1777--1790},
}

@book{green-swets1966,
  title={Signal detection theory and psychophysics},
  author={Green, David Marvin and Swets, John A},
  year={1966},
  publisher={Wiley New York}
}

@article{MariustHart2009,
author = {'t Hart, Bernard Marius and Vockeroth, Johannes and Schumann, Frank and Bartl, Klaus and Schneider, Erich and Konig, Peter and Einh{\"a}user, Wolfgang},
title = {{Gaze allocation in natural stimuli: Comparing free exploration to head-fixed viewing conditions}},
journal = {Visual Cognition},
year = {2009},
volume = {17},
number = {6-7},
pages = {1132--1158},
}

@incollection{henderson2007,
author = {Henderson, J M and Brockmole, J R and Castelhano, M S},
title = {{Visual saliency does not account for eye movements during visual search in real-world scenes}},
booktitle = {Eye Movements: a window on mind and brain},
year = {2007},
editor = {van Gompel, Roger P G and Fischer, M H and Murray, Wayne S and Hill, Robin L},
pages = {537--562},
publisher = {Elsevier},
address = {Oxford, UK}
}


@techreport{judd2012,
author = {Judd, T and Durand, F and Torralba, A},
title = {{A benchmark of computational models of saliency to predict human fixations}},
institution = {MIT Computer Science and Artificial Intelligence Laboratory},
year = {2012},
number = {MIT-CSAIL-TR-2012-001},
address = {Cambridge, MA}
}

@report{judd2012aaa,
  title={A benchmark of computational models of saliency to predict human fixations},
  author={Judd, Tilke and Durand, Fr{\'e}do and Torralba, Antonio},
  journal ] {MIT tech report:  http://hdl.handle.net/1721.1/68590}
  year={2012}
}


@article{parkhurst-niebur2003,
  title={Scene content selected by active vision},
  author={Parkhurst, Derrick J and Niebur, Ernst},
  journal={Spatial vision},
  volume={16},
  number={2},
  pages={125--154},
  year={2003},
  publisher={Springer}
}

@article{tatler2007,
  title={The central fixation bias in scene viewing: Selecting an optimal viewing position independently of motor biases and image feature distributions},
  author={Tatler, Benjamin W},
  journal={Journal of Vision},
  volume={7},
  number={14},
  pages={4: 1--17},
  year={2007},
  publisher={Association for Research in Vision and Ophthalmology}
}

@article{Tatler2011,
author = {Tatler, Benjamin W and Hayhoe, M M and Land, M F and Ballard, D H},
title = {{Eye guidance in natural vision: reinterpreting salience.}},
journal = {Journal of Vision},
year = {2011},
volume = {11},
number = {5},
pages = {5: 1--23}
}

@article{torralba2006,
  title={Contextual guidance of eye movements and attention in real-world scenes: the role of global features in object search.},
  author={Torralba, Antonio and Oliva, Aude and Castelhano, Monica S and Henderson, John M},
  journal={Psychological review},
  volume={113},
  number={4},
  pages={766--786},
  year={2006},
  publisher={American Psychological Association}
}

@article{tseng2009,
  title={Quantifying center bias of observers in free viewing of dynamic natural scenes},
  author={Tseng, Po-He and Carmi, Ran and Cameron, Ian GM and Munoz, Douglas P and Itti, Laurent},
  journal={Journal of vision},
  volume={9},
  number={7},
  pages={4: 1-16},
  year={2009},
  publisher={Association for Research in Vision and Ophthalmology}
}

@book{yarbus1967,
  title={Eye movements and vision},
  author={Yarbus, Alfred L},
   year={1967},
  publisher={Plenum Press New York}
}

@article{zhao-koch2011,
  title={Learning a saliency map using fixated locations in natural scenes},
  author={Zhao, Qi and Koch, Christof},
  journal={Journal of vision},
  volume={11},
  number={3},
  pages={9: 1--15},
  year={2011},
  publisher={Association for Research in Vision and Ophthalmology}
}


@article{ma2011,
  title={Behavior and neural basis of near-optimal visual search},
  author={Ma, Wei Ji and Navalpakkam, Vidhya and Beck, Jeffrey M and Van Den Berg, Ronald and Pouget, Alexandre},
  journal={Nature neuroscience},
  volume={14},
  number={6},
  pages={783--790},
  year={2011},
  publisher={Nature Publishing Group}
}


@article{loschky2015,
  title={What would Jaws do? The tyranny of film and the relationship between gaze and higher-level narrative film comprehension},
  author={Loschky, Lester C and Larson, Adam M and Magliano, Joseph P and Smith, Tim J},
  journal={PloS one},
  volume={10},
  number={11},
  pages={e0142474},
  year={2015},
  publisher={Public Library of Science}
}



@article{parkhurst2002,
author = {Parkhurst, Derrick J and Law, K and Niebur, E},
title = {Modeling the role of salience in the allocation of overt visual attention},
journal = {Vision Research},
year = {2002},
volume = {42},
number = {1},
pages = {107--123}
}


@article{pomplun2006,
  title={Saccadic selectivity in complex visual search displays},
  author={Pomplun, Marc},
  journal={Vision research},
  volume={46},
  number={12},
  pages={1886--1900},
  year={2006},
  publisher={Pergamon}
}

@article{tatler-vincent2009,
  title={The prominence of behavioural biases in eye guidance},
  author={Tatler, Benjamin W and Vincent, Benjamin T},
  journal={Visual Cognition},
  volume={17},
  number={6-7},
  pages={1029--1054},
  year={2009},
  publisher={Taylor \& Francis}
}


@article{tatler2005,
  title={Visual correlates of fixation selection: Effects of scale and time},
  author={Tatler, Benjamin W and Baddeley, Roland J and Gilchrist, Iain D},
  journal={Vision research},
  volume={45},
  number={5},
  pages={643--659},
  year={2005},
  publisher={Elsevier}
}

@article{reinagel1999,
  title={Natural scene statistics at the centre of gaze},
  author={Reinagel, Pamela and Zador, Anthony M},
  journal={Network: Computation in Neural Systems},
  volume={10},
  number={4},
  pages={341--350},
  year={1999},
  publisher={Informa UK Ltd UK}
}

@inproceedings{lee2013,
  title={A Saliency-Based Search Model Application of the Saliency Map for Driver-Vehicle Interfaces},
  author={Lee, Joonbum and Lee, John D and Salvucci, Dario D},
  booktitle={Proceedings of the Human Factors and Ergonomics Society Annual Meeting},
  volume={57},
  number={1},
  pages={1933--1937},
  year={2013},
  organization={SAGE Publications}
}

@article{mccarley2013,
  title={The View from the Driver's Seat: What Good Is Salience?},
  author={McCarley, Jason S and Steelman, Kelly S and Horrey, William J},
  journal={Applied Cognitive Psychology},
  year={2013},
  publisher={Wiley Online Library}
}

@article{hart2013,
  title={Fixations on objects in natural scenes: dissociating importance from salience},
  author={t Hart, Bernard Marius and Schmidt, Hannah Claudia Elfriede Fanny and Roth, Christine and Einhauser, Wolfgang},
  journal={Frontiers in Psychology},
  volume={1},
  pages={0},
year = {2013},
  publisher={Frontiers}
}

@article{land1999,
  title={The roles of vision and eye movements in the control of activities of daily living},
  author={Land, Michael and Mennie, Neil and Rusted, Jenny and others},
  journal={Perception},
  volume={28},
  number={11},
  pages={1311--1328},
  year={1999},
  publisher={PION LTD}
}

@article{spain-perona2011,
  title={Measuring and predicting object importance},
  author={Spain, Merrielle and Perona, Pietro},
  journal={International Journal of Computer Vision},
  volume={91},
  number={1},
  pages={59--76},
  year={2011},
  publisher={Springer}
}

@article{clarke2008,
  title={Visual search for a target against a< i> 1/f$\beta$</i> continuous textured background},
  author={Clarke, ADF and Green, PR and Chantler, MJ and Emrith, K},
  journal={Vision research},
  volume={48},
  number={21},
  pages={2193--2203},
  year={2008},
  publisher={Elsevier}
}

@article{clarke2009,
  title={Modeling visual search on a rough surface},
  author={Clarke, Alasdair DF and Chantler, Mike J and Green, Patrick R},
  journal={Journal of Vision},
  volume={9},
  number={4},
  year={2009},
  publisher={Association for Research in Vision and Ophthalmology}
}

@article{clarke2013,
  title={The impact of attentional, linguistic, and visual features during object naming},
  author={Clarke, Alasdair D. F. and Coco, Moreno I. and Keller, Frank},
  journal={Frontiers in psychology},
  volume={4},
  year={2013},
  pages={927},
  publisher={Frontiers Media SA}
}

@inproceedings{harel2006,
  title={Graph-based visual saliency},
  author={Harel, Jonathan and Koch, Christof and Perona, Pietro},
  booktitle={Advances in neural information processing systems},
  pages={545--552},
  year={2006}
}


@article{ehinger2009,
  title={Modelling search for people in 900 scenes: A combined source model of eye guidance},
  author={Ehinger, Krista A and Hidalgo-Sotelo, Barbara and Torralba, Antonio and Oliva, Aude},
  journal={Visual Cognition},
  volume={17},
  number={6-7},
  pages={945--978},
  year={2009},
  publisher={Taylor \& Francis}
}

@article{nuthmann-matthias2014,
  title={Time course of pseudoneglect in scene viewing},
  author={Nuthmann, Antje and Matthias, Ellen},
  journal={Cortex},
  volume={52},
  pages={113--119},
  year={2014},
  publisher={Elsevier}
}


@article{walther-koch2006,
  title={Modeling attention to salient proto-objects},
  author={Walther, Dirk and Koch, Christof},
  journal={Neural Networks},
  volume={19},
  number={9},
  pages={1395--1407},
  year={2006},
  publisher={Elsevier}
}

@incollection{koch-ullman1987,
  title={Shifts in selective visual attention: towards the underlying neural circuitry},
  author={Koch, Christof and Ullman, Shimon},
  booktitle={Matters of Intelligence},
  pages={115--141},
  year={1987},
  publisher={Springer}
}

@INPROCEEDINGS{yun2013,
author={Kiwon Yun and Yifan Peng and Samaras, D. and Zelinsky, G.J. and Berg, T.L.},
booktitle={Computer Vision and Pattern Recognition (CVPR), 2013 IEEE Conference on},
title={Studying Relationships between Human Gaze, Description, and Computer Vision},
year={2013},
pages={739-746},
keywords={computer vision;gesture recognition;natural language processing;object recognition;computer vision datasets;eye movements;gaze-enabled annotation;gaze-enabled detection;human cues;human gaze;image description;natural language construction;user behavior;user defined content importance;user intent content importance;visual recognition systems;Computer vision;Detectors;Object detection;Object segmentation;Observers;TV;Visualization},
doi={10.1109/CVPR.2013.101},
ISSN={1063-6919},}

@article{wolfe1989,
  title={Guided search: an alternative to the feature integration model for visual search.},
  author={Wolfe, Jeremy M and Cave, Kyle R and Franzel, Susan L},
  journal={Journal of Experimental Psychology: Human perception and performance},
  volume={15},
  number={3},
  pages={419},
  year={1989},
  publisher={American Psychological Association}
}





@article{yamanaka2013,
  title={Salient object detection based on direct density-ratio estimation},
  author={Yamanaka, Masao and Matsugu, Masakazu and Sugiyama, Masashi},
  journal={IPSJ Online Transactions},
  volume={6},
  number={0},
  pages={96--103},
  year={2013},
  publisher={一般社団法人 情報処理学会}
}

@article{liu2011,
  title={Learning to detect a salient object},
  author={Liu, Tie and Yuan, Zejian and Sun, Jian and Wang, Jingdong and Zheng, Nanning and Tang, Xiaoou and Shum, Heung-Yeung},
  journal={Pattern Analysis and Machine Intelligence, IEEE Transactions on},
  volume={33},
  number={2},
  pages={353--367},
  year={2011},
  publisher={IEEE}
}



@article{borji2013reply,
author = {Borji, Ali and Sihite, Dicky N. and Itti, Laurent}, 
title = {Objects do not predict fixations better than early saliency: A re-analysis of Einhäuser et al.'s data},
volume = {13}, 
number = {10}, 
year = {2013}, 
doi = {10.1167/13.10.18}
}

@article{lappe1998,
  title={Optokinetic eye movements elicited by radial optic flow in the macaque monkey},
  author={Lappe, Markus and Pekel, Martin and Hoffmann, Klaus-Peter},
  journal={Journal of neurophysiology},
  volume={79},
  number={3},
  pages={1461--1480},
  year={1998},
  publisher={Am Physiological Soc}
}

@inproceedings{lee2002,
  title={Eyes alive},
  author={Lee, Sooha Park and Badler, Jeremy B and Badler, Norman I},
  booktitle={ACM Transactions on Graphics (TOG)},
  volume={21},
  number={3},
  pages={637--644},
  year={2002},
  organization={ACM}
}

@article{moeller2004,
  title={Interactions between eye movement systems in cats and humans},
  author={Moeller, Gudrun U and Kayser, Christoph and Knecht, Fabian and K{\"o}nig, Peter},
  journal={Experimental brain research},
  volume={157},
  number={2},
  pages={215--224},
  year={2004},
  publisher={Springer}
}



@article{nuthmann2010,
  title={Object-based attentional selection in scene viewing},
  author={Nuthmann, Antje and Henderson, John M},
  journal={Journal of vision},
  volume={10},
  number={8},
  year={2010},
  publisher={Association for Research in Vision and Ophthalmology}
}

@article{brandt1945,
  title={The psychology of seeing.},
  author={Brandt, Herman Francis},
  year={1945},
  publisher={Philosophical library}
}



@article{toet2011,
  title={Computational versus psychophysical bottom-up image saliency: A comparative evaluation study},
  author={Toet, Alexander},
  journal={Pattern Analysis and Machine Intelligence, IEEE Transactions on},
  volume={33},
  number={11},
  pages={2131--2146},
  year={2011},
  publisher={IEEE}
}

@article{underwood2006,
  title={Eye movements during scene inspection: A test of the saliency map hypothesis},
  author={Underwood, Geoffrey and Foulsham, Tom and van Loon, Editha and Humphreys, Louise and Bloyce, Jackie},
  journal={European Journal of Cognitive Psychology},
  volume={18},
  number={03},
  pages={321--342},
  year={2006},
  publisher={Taylor \& Francis}
}

@article{elazary2008,
  title={Interesting objects are visually salient},
  author={Elazary, Lior and Itti, Laurent},
  journal={Journal of Vision},
  volume={8},
  number={3},
  year={2008},
  publisher={Association for Research in Vision and Ophthalmology}
}

@article{santangelo2013,
  title={Visual Salience Improves Spatial Working Memory via Enhanced Parieto-Temporal Functional Connectivity},
  author={Santangelo, Valerio and Macaluso, Emiliano},
  journal={The Journal of Neuroscience},
  volume={33},
  number={9},
  pages={4110--4117},
  year={2013},
  publisher={Soc Neuroscience}
}













@article{donk2008,
  title={Effects of salience are short-lived},
  author={Donk, Mieke and van Zoest, Wieske},
  journal={Psychological Science},
  volume={19},
  number={7},
  pages={733--739},
  year={2008},
  publisher={SAGE Publications}
}


@article{zhang2012,
  title={Very Slow Search and Reach: Failure to Maximize Expected Gain in an Eye-Hand Coordination Task},
  author={Zhang, Hang and Morvan, Camille and Etezad-Heydari, Louis-Alexandre and Maloney, Laurence T},
  journal={PLoS computational biology},
  volume={8},
  number={10},
  pages={e1002718},
  year={2012},
  publisher={Public Library of Science}
}


@article{najemnik-geisler2008,
  title={Eye movement statistics in humans are consistent with an optimal search strategy},
  author={Najemnik, Jiri and Geisler, Wilson S},
  journal={Journal of Vision},
  volume={8},
  number={3},
  year={2008},
  publisher={Association for Research in Vision and Ophthalmology}
}

@inproceedings{judd2009,
  title={Learning to predict where humans look},
  author={Judd, Tilke and Ehinger, Krista and Durand, Fr{\'e}do and Torralba, Antonio},
  booktitle={Computer Vision, 2009 IEEE 12th international conference on},
  pages={2106--2113},
  year={2009},
  organization={IEEE}
}


@article{erdem2013,
  title={Visual saliency estimation by nonlinearly integrating features using region covariances},
  author={Erdem, Erkut and Erdem, Aykut},
  journal={Journal of vision},
  volume={13},
  number={4},
  year={2013},
  publisher={Association for Research in Vision and Ophthalmology}
}

@article{itti-koch2000,
  title={A saliency-based search mechanism for overt and covert shifts of visual attention},
  author={Itti, Laurent and Koch, Christof},
  journal={Vision research},
  volume={40},
  number={10},
  pages={1489--1506},
  year={2000},
  publisher={Elsevier}
}


@article{itti1998,
  title={A model of saliency-based visual attention for rapid scene analysis},
  author={Itti, Laurent and Koch, Christof and Niebur, Ernst},
  journal={Pattern Analysis and Machine Intelligence, IEEE Transactions on},
  volume={20},
  number={11},
  pages={1254--1259},
  year={1998},
  publisher={IEEE}
}


@inproceedings{dziemianko2013,
  title = {Object-based Saliency as a Predictor of Attention in Visual Tasks},
  author = {M. Dziemianko and A. D. F. Clarke and F. Keller},
 booktitle = {35th Annual Cognitive Science Conference},
year = {2013},
city = {Berlin, Germany},
}
